% Bibliography of key references for "LaTeX for Thesis and Large Documents"
% For use with BibTeX

@inproceedings{vrep,
	author = "E. Rohmer, S. P. N. Singh, M. Freese",
	title = "V-REP: a Versatile and Scalable Robot Simulation Framework",
	booktitle = "Proc. of The International Conference on Intelligent Robots and Systems (IROS)",
	year = "2013"
}

@misc{luukkonen,
	author = "Teppo Luukkonen",
	title = "Modelling and control of quadcopter",
	year = "2011",
}

@unpublished{elruby,
	author = "A. Y. Elruby, M. M. El-khatib, N. H. El-Amary, A. I. Hashad",
	title = "Dynamic Modeling and Control of Quadrotor Vehicle",
}
